@article{gerstung_evolutionary_2020,
  title = {The Evolutionary History of 2,658 Cancers},
  author = {Gerstung, Moritz and Jolly, Clemency and Leshchiner, Ignaty and Dentro, Stefan C. and Gonzalez, Santiago and Rosebrock, Daniel and Mitchell, Thomas J. and Rubanova, Yulia and Anur, Pavana and Yu, Kaixian and Tarabichi, Maxime and Deshwar, Amit and Wintersinger, Jeff and Kleinheinz, Kortine and {V{\'a}zquez-Garc{\'i}a}, Ignacio and Haase, Kerstin and Jerman, Lara and Sengupta, Subhajit and Macintyre, Geoff and Malikic, Salem and Donmez, Nilgun and Livitz, Dimitri G. and Cmero, Marek and Demeulemeester, Jonas and Schumacher, Steven and Fan, Yu and Yao, Xiaotong and Lee, Juhee and Schlesner, Matthias and Boutros, Paul C. and Bowtell, David D. and Zhu, Hongtu and Getz, Gad and Imielinski, Marcin and Beroukhim, Rameen and Sahinalp, S. Cenk and Ji, Yuan and Peifer, Martin and Markowetz, Florian and Mustonen, Ville and Yuan, Ke and Wang, Wenyi and Morris, Quaid D. and Spellman, Paul T. and Wedge, David C. and Van Loo, Peter},
  year = {2020},
  month = feb,
  journal = {Nature},
  volume = {578},
  number = {7793},
  pages = {122--128},
  publisher = {Nature Publishing Group},
  issn = {1476-4687},
  doi = {10.1038/s41586-019-1907-7},
  urldate = {2024-04-23},
  copyright = {2020 The Author(s)},
  langid = {english}
}

@article{gross_forgotten_2017,
  title = {A '{{Forgotten History}}' {{Of How The U}}.{{S}}. {{Government Segregated America}}},
  author = {Gross, Terry},
  year = {2017},
  month = may,
  journal = {NPR},
  urldate = {2024-04-23},
  chapter = {Race},
  langid = {english},
  note = {\url{https://www.npr.org/2017/05/03/526655831/a-forgotten-history-of-how-the-u-s-government-segregated-america}}
}

@article{huang_ambient_2021,
  title = {Ambient {{Cumulative PM2}}.5 {{Exposure}} and the {{Risk}} of {{Lung Cancer Incidence}} and {{Mortality}}: {{A Retrospective Cohort Study}}},
  shorttitle = {Ambient {{Cumulative PM2}}.5 {{Exposure}} and the {{Risk}} of {{Lung Cancer Incidence}} and {{Mortality}}},
  author = {Huang, Hung-Ling and Chuang, Yung-Hsin and Lin, Tzu-Hsuan and Lin, Changqing and Chen, Yen-Hsu and Hung, Jen-Yu and Chan, Ta-Chien},
  year = {2021},
  month = nov,
  journal = {International Journal of Environmental Research and Public Health},
  volume = {18},
  number = {23},
  pages = {12400},
  issn = {1661-7827},
  doi = {10.3390/ijerph182312400},
  urldate = {2024-04-23},
  pmcid = {PMC8656990},
  pmid = {34886127}
}

@article{molina_nonsmall_2008,
  title = {Non--{{Small Cell Lung Cancer}}: {{Epidemiology}}, {{Risk Factors}}, {{Treatment}}, and {{Survivorship}}},
  shorttitle = {Non--{{Small Cell Lung Cancer}}},
  author = {Molina, Julian R. and Yang, Ping and Cassivi, Stephen D. and Schild, Steven E. and Adjei, Alex A.},
  year = {2008},
  month = may,
  journal = {Mayo Clinic proceedings. Mayo Clinic},
  volume = {83},
  number = {5},
  pages = {584--594},
  issn = {0025-6196},
  urldate = {2024-04-24},
  pmcid = {PMC2718421},
  pmid = {18452692},
  note = {\url{https://www.ncbi.nlm.nih.gov/pmc/articles/PMC2718421/}}
}

@article{puett_particulate_2014,
  title = {Particulate Matter Air Pollution Exposure, Distance to Road, and Incident Lung Cancer in the Nurses' Health Study Cohort},
  author = {Puett, Robin C. and Hart, Jaime E. and Yanosky, Jeff D. and Spiegelman, Donna and Wang, Molin and Fisher, Jared A. and Hong, Biling and Laden, Francine},
  year = {2014},
  month = sep,
  journal = {Environmental Health Perspectives},
  volume = {122},
  number = {9},
  pages = {926--932},
  issn = {1552-9924},
  doi = {10.1289/ehp.1307490},
  langid = {english},
  pmcid = {PMC4154215},
  pmid = {24911062}
}

@article{yu_characterization_2015,
  title = {Characterization of {{Somatic Mutations}} in {{Air Pollution-Related Lung Cancer}}},
  author = {Yu, Xian-Jun and Yang, Min-Jun and Zhou, Bo and Wang, Gui-Zhen and Huang, Yun-Chao and Wu, Li-Chuan and Cheng, Xin and Wen, Zhe-Sheng and Huang, Jin-Yan and Zhang, Yun-Dong and Gao, Xiao-Hong and Li, Gao-Feng and He, Shui-Wang and Gu, Zhao-Hui and Ma, Liang and Pan, Chun-Ming and Wang, Ping and Chen, Hao-Bin and Hong, Zhi-Peng and Wang, Xiao-Lu and Mao, Wen-Jing and Jin, Xiao-Long and Kang, Hui and Chen, Shu-Ting and Zhu, Yong-Qiang and Gu, Wen-Yi and Liu, Zi and Dong, Hui and Tian, Lin-Wei and Chen, Sai-Juan and Cao, Yi and Wang, Sheng-Yue and Zhou, Guang-Biao},
  year = {2015},
  month = jun,
  journal = {EBioMedicine},
  volume = {2},
  number = {6},
  pages = {583--590},
  issn = {2352-3964},
  doi = {10.1016/j.ebiom.2015.04.003},
  langid = {english},
  pmcid = {PMC4534757},
  pmid = {26288819}
}
